%YAML 1.1
%TAG !u! tag:unity3d.com,2011:
--- !u!1 &3891141160527972510
GameObject:
  m_ObjectHideFlags: 0
  m_CorrespondingSourceObject: {fileID: 0}
  m_PrefabInstance: {fileID: 0}
  m_PrefabAsset: {fileID: 0}
  serializedVersion: 6
  m_Component:
  - component: {fileID: 3891141160527972505}
  - component: {fileID: 764914956818942852}
  - component: {fileID: 6945057734402802433}
  - component: {fileID: 4330508207234405060}
  - component: {fileID: 6976502539539768092}
  m_Layer: 0
  m_Name: chessman_black_chariot
  m_TagString: Untagged
  m_Icon: {fileID: 0}
  m_NavMeshLayer: 0
  m_StaticEditorFlags: 0
  m_IsActive: 1
--- !u!4 &3891141160527972505
Transform:
  m_ObjectHideFlags: 0
  m_CorrespondingSourceObject: {fileID: 0}
  m_PrefabInstance: {fileID: 0}
  m_PrefabAsset: {fileID: 0}
  m_GameObject: {fileID: 3891141160527972510}
  m_LocalRotation: {x: 0, y: 0, z: 0, w: 1}
  m_LocalPosition: {x: -0.86351776, y: -1.4748545, z: -1.3545722}
  m_LocalScale: {x: 1, y: 1, z: 1}
  m_Children:
  - {fileID: 3891141159139346916}
  m_Father: {fileID: 0}
  m_RootOrder: 0
  m_LocalEulerAnglesHint: {x: 0, y: 0, z: 0}
--- !u!65 &764914956818942852
BoxCollider:
  m_ObjectHideFlags: 0
  m_CorrespondingSourceObject: {fileID: 0}
  m_PrefabInstance: {fileID: 0}
  m_PrefabAsset: {fileID: 0}
  m_GameObject: {fileID: 3891141160527972510}
  m_Material: {fileID: 0}
  m_IsTrigger: 0
  m_Enabled: 1
  serializedVersion: 2
  m_Size: {x: 20, y: 30, z: 50}
  m_Center: {x: 0, y: 15, z: 0}
--- !u!114 &6945057734402802433
MonoBehaviour:
  m_ObjectHideFlags: 0
  m_CorrespondingSourceObject: {fileID: 0}
  m_PrefabInstance: {fileID: 0}
  m_PrefabAsset: {fileID: 0}
  m_GameObject: {fileID: 3891141160527972510}
  m_Enabled: 1
  m_EditorHideFlags: 0
  m_Script: {fileID: 11500000, guid: 83dcd8dace8b7fe449d796b980cb121d, type: 3}
  m_Name: 
  m_EditorClassIdentifier: 
  DeselectOnUp: 0
  HideWithFinger: 0
  IsolateSelectingFingers: 0
  onSelect:
    m_PersistentCalls:
      m_Calls:
      - m_Target: {fileID: 4330508207234405060}
        m_MethodName: Select
        m_Mode: 6
        m_Arguments:
          m_ObjectArgument: {fileID: 0}
          m_ObjectArgumentAssemblyTypeName: UnityEngine.Object, UnityEngine
          m_IntArgument: 0
          m_FloatArgument: 0
          m_StringArgument: 
          m_BoolArgument: 1
        m_CallState: 2
    m_TypeName: Lean.Touch.LeanSelectable+LeanFingerEvent, Assembly-CSharp, Version=0.0.0.0,
      Culture=neutral, PublicKeyToken=null
  onSelectSet:
    m_PersistentCalls:
      m_Calls: []
    m_TypeName: Lean.Touch.LeanSelectable+LeanFingerEvent, Assembly-CSharp, Version=0.0.0.0,
      Culture=neutral, PublicKeyToken=null
  onSelectUp:
    m_PersistentCalls:
      m_Calls: []
    m_TypeName: Lean.Touch.LeanSelectable+LeanFingerEvent, Assembly-CSharp, Version=0.0.0.0,
      Culture=neutral, PublicKeyToken=null
  onDeselect:
    m_PersistentCalls:
      m_Calls:
      - m_Target: {fileID: 4330508207234405060}
        m_MethodName: Select
        m_Mode: 6
        m_Arguments:
          m_ObjectArgument: {fileID: 0}
          m_ObjectArgumentAssemblyTypeName: UnityEngine.Object, UnityEngine
          m_IntArgument: 0
          m_FloatArgument: 0
          m_StringArgument: 
          m_BoolArgument: 0
        m_CallState: 2
    m_TypeName: UnityEngine.Events.UnityEvent, UnityEngine.CoreModule, Version=0.0.0.0,
      Culture=neutral, PublicKeyToken=null
  isSelected: 0
--- !u!114 &4330508207234405060
MonoBehaviour:
  m_ObjectHideFlags: 0
  m_CorrespondingSourceObject: {fileID: 0}
  m_PrefabInstance: {fileID: 0}
  m_PrefabAsset: {fileID: 0}
  m_GameObject: {fileID: 3891141160527972510}
  m_Enabled: 1
  m_EditorHideFlags: 0
  m_Script: {fileID: 11500000, guid: 14351b9d3f76d0340b740d9acc9c3e8e, type: 3}
  m_Name: 
  m_EditorClassIdentifier: 
--- !u!114 &6976502539539768092
MonoBehaviour:
  m_ObjectHideFlags: 0
  m_CorrespondingSourceObject: {fileID: 0}
  m_PrefabInstance: {fileID: 0}
  m_PrefabAsset: {fileID: 0}
  m_GameObject: {fileID: 3891141160527972510}
  m_Enabled: 1
  m_EditorHideFlags: 0
  m_Script: {fileID: 11500000, guid: 5fea29bb7c508c244a1f805a5fd3fc4d, type: 3}
  m_Name: 
  m_EditorClassIdentifier: 
  outlineMode: 0
  outlineColor: {r: 0, g: 0.21683025, b: 1, a: 1}
  outlineWidth: 2
  precomputeOutline: 0
  bakeKeys: []
  bakeValues: []
--- !u!1001 &3891141159139010846
PrefabInstance:
  m_ObjectHideFlags: 0
  serializedVersion: 2
  m_Modification:
    m_TransformParent: {fileID: 3891141160527972505}
    m_Modifications:
    - target: {fileID: 120628, guid: b3cda27eecb45cc45b740f956d68e9ec, type: 3}
      propertyPath: m_Name
      value: SF_Animal_Boar
      objectReference: {fileID: 0}
    - target: {fileID: 450810, guid: b3cda27eecb45cc45b740f956d68e9ec, type: 3}
      propertyPath: m_LocalPosition.x
      value: 0
      objectReference: {fileID: 0}
    - target: {fileID: 450810, guid: b3cda27eecb45cc45b740f956d68e9ec, type: 3}
      propertyPath: m_LocalPosition.y
      value: 0
      objectReference: {fileID: 0}
    - target: {fileID: 450810, guid: b3cda27eecb45cc45b740f956d68e9ec, type: 3}
      propertyPath: m_LocalPosition.z
      value: 0
      objectReference: {fileID: 0}
    - target: {fileID: 450810, guid: b3cda27eecb45cc45b740f956d68e9ec, type: 3}
      propertyPath: m_LocalRotation.x
      value: 0
      objectReference: {fileID: 0}
    - target: {fileID: 450810, guid: b3cda27eecb45cc45b740f956d68e9ec, type: 3}
      propertyPath: m_LocalRotation.y
      value: 0
      objectReference: {fileID: 0}
    - target: {fileID: 450810, guid: b3cda27eecb45cc45b740f956d68e9ec, type: 3}
      propertyPath: m_LocalRotation.z
      value: 0
      objectReference: {fileID: 0}
    - target: {fileID: 450810, guid: b3cda27eecb45cc45b740f956d68e9ec, type: 3}
      propertyPath: m_LocalRotation.w
      value: 1
      objectReference: {fileID: 0}
    - target: {fileID: 450810, guid: b3cda27eecb45cc45b740f956d68e9ec, type: 3}
      propertyPath: m_RootOrder
      value: 0
      objectReference: {fileID: 0}
    - target: {fileID: 450810, guid: b3cda27eecb45cc45b740f956d68e9ec, type: 3}
      propertyPath: m_LocalEulerAnglesHint.x
      value: 0
      objectReference: {fileID: 0}
    - target: {fileID: 450810, guid: b3cda27eecb45cc45b740f956d68e9ec, type: 3}
      propertyPath: m_LocalEulerAnglesHint.y
      value: 0
      objectReference: {fileID: 0}
    - target: {fileID: 450810, guid: b3cda27eecb45cc45b740f956d68e9ec, type: 3}
      propertyPath: m_LocalEulerAnglesHint.z
      value: 0
      objectReference: {fileID: 0}
    - target: {fileID: 450810, guid: b3cda27eecb45cc45b740f956d68e9ec, type: 3}
      propertyPath: m_LocalScale.x
      value: 1
      objectReference: {fileID: 0}
    - target: {fileID: 450810, guid: b3cda27eecb45cc45b740f956d68e9ec, type: 3}
      propertyPath: m_LocalScale.y
      value: 1
      objectReference: {fileID: 0}
    - target: {fileID: 450810, guid: b3cda27eecb45cc45b740f956d68e9ec, type: 3}
      propertyPath: m_LocalScale.z
      value: 1
      objectReference: {fileID: 0}
    m_RemovedComponents: []
  m_SourcePrefab: {fileID: 100100000, guid: b3cda27eecb45cc45b740f956d68e9ec, type: 3}
--- !u!4 &3891141159139346916 stripped
Transform:
  m_CorrespondingSourceObject: {fileID: 450810, guid: b3cda27eecb45cc45b740f956d68e9ec,
    type: 3}
  m_PrefabInstance: {fileID: 3891141159139010846}
  m_PrefabAsset: {fileID: 0}
